<record><leader>00000cas a2200000 a 4500</leader><controlfield tag="001">9330702</controlfield><controlfield tag="008">830321d19111939ohudn ne      0    0cze d</controlfield><datafield ind1=" " ind2=" " tag="010"><subfield code="a">sn 83045068 </subfield></datafield><datafield ind1=" " ind2=" " tag="040"><subfield code="a">CRL</subfield><subfield code="b">eng</subfield><subfield code="c">CRL</subfield><subfield code="d">NPW</subfield><subfield code="d">NPY</subfield><subfield code="d">CRL</subfield><subfield code="d">ONP</subfield><subfield code="d">NST</subfield><subfield code="d">NVG</subfield><subfield code="d">OCL</subfield><subfield code="d">OCLCQ</subfield><subfield code="d">OCLCF</subfield><subfield code="d">OCLCO</subfield><subfield code="d">OCLCQ</subfield></datafield><datafield ind1=" " ind2=" " tag="012"><subfield code="i">8903</subfield></datafield><datafield ind1="0" ind2=" " tag="041"><subfield code="a">cze</subfield><subfield code="a">eng</subfield></datafield><datafield ind1=" " ind2=" " tag="042"><subfield code="a">msc</subfield></datafield><datafield ind1=" " ind2=" " tag="043"><subfield code="a">n-us---</subfield></datafield><datafield ind1="0" ind2=" " tag="130"><subfield code="a">Sve&#780;t (Cleveland, Ohio)</subfield></datafield><datafield ind1="1" ind2="0" tag="245"><subfield code="a">Sve&#780;t =</subfield><subfield code="b">World.</subfield></datafield><datafield ind1="3" ind2="1" tag="246"><subfield code="a">World</subfield></datafield><datafield ind1=" " ind2=" " tag="260"><subfield code="a">Cleveland, Ohio :</subfield><subfield code="b">Toslar&#780;ska&#769; a Vydavatelska&#769; Spolec&#780;nost &quot;Sve&#780;t&quot; = Sve&#780;t Print. &amp; Pub. Co.,</subfield><subfield code="c">1911-1939.</subfield></datafield><datafield ind1=" " ind2=" " tag="300"><subfield code="a">29 volumes :</subfield><subfield code="b">illustrations ;</subfield><subfield code="c">55 cm</subfield></datafield><datafield ind1=" " ind2=" " tag="310"><subfield code="a">Daily (except Sunday)</subfield></datafield><datafield ind1=" " ind2=" " tag="336"><subfield code="a">text</subfield><subfield code="b">txt</subfield><subfield code="2">rdacontent</subfield></datafield><datafield ind1=" " ind2=" " tag="337"><subfield code="a">unmediated</subfield><subfield code="b">n</subfield><subfield code="2">rdamedia</subfield></datafield><datafield ind1=" " ind2=" " tag="338"><subfield code="a">volume</subfield><subfield code="b">nc</subfield><subfield code="2">rdacarrier</subfield></datafield><datafield ind1="0" ind2=" " tag="362"><subfield code="a">Roc&#780;. 1, c&#780;is. 1, (22. u&#780;n. 1911)-roc&#780;. 29, c&#780;is. 88 (3. c&#780;erv. 1939).</subfield></datafield><datafield ind1="8" ind2=" " tag="521"><subfield code="a">"An independent Bohemian daily newspaper."</subfield></datafield><datafield ind1=" " ind2=" " tag="546"><subfield code="a">In Czech with some cartoons in English.</subfield></datafield><datafield ind1=" " ind2=" " tag="580"><subfield code="a">Merged with: Americ&#780;an (Cleveland, Ohio : 1899), to form: Sve&#780;t-Americ&#780;an.</subfield></datafield><datafield ind1=" " ind2="0" tag="650"><subfield code="a">Czechs</subfield><subfield code="z">United States</subfield><subfield code="v">Newspapers.</subfield></datafield><datafield ind1=" " ind2="0" tag="650"><subfield code="a">Czech American newspapers.</subfield></datafield><datafield ind1=" " ind2="7" tag="650"><subfield code="a">Czech-American newspapers.</subfield><subfield code="2">fast</subfield><subfield code="0">(OCoLC)fst00886452</subfield></datafield><datafield ind1=" " ind2="7" tag="650"><subfield code="a">Czechs.</subfield><subfield code="2">fast</subfield><subfield code="0">(OCoLC)fst00886455</subfield></datafield><datafield ind1=" " ind2="7" tag="651"><subfield code="a">United States.</subfield><subfield code="2">fast</subfield><subfield code="0">(OCoLC)fst01204155</subfield></datafield><datafield ind1=" " ind2="7" tag="655"><subfield code="a">Newspapers.</subfield><subfield code="2">fast</subfield><subfield code="0">(OCoLC)fst01423814</subfield></datafield><datafield ind1=" " ind2=" " tag="752"><subfield code="a">United States</subfield><subfield code="b">Ohio</subfield><subfield code="c">Cuyahoga</subfield><subfield code="d">Cleveland.</subfield></datafield><datafield ind1="0" ind2="5" tag="780"><subfield code="t">Dennice novove&#780;ku</subfield><subfield code="w">(DLC)sn 83035420</subfield><subfield code="w">(OCoLC)9821842</subfield></datafield><datafield ind1="1" ind2="7" tag="785"><subfield code="t">Americ&#780;an (Cleveland, Ohio : 1899)</subfield><subfield code="w">(DLC)sn 83045066</subfield><subfield code="w">(OCoLC)9299385</subfield></datafield><datafield ind1="1" ind2="7" tag="785"><subfield code="t">Sve&#780;t-Americ&#780;an</subfield><subfield code="w">(DLC)sn 83045067</subfield><subfield code="w">(OCoLC)9330957</subfield></datafield><datafield ind1=" " ind2=" " tag="850"><subfield code="a">ICRL</subfield></datafield><datafield ind1="1" ind2=" " tag="029"><subfield code="a">AU@</subfield><subfield code="b">000025808834</subfield></datafield></record>